@book{gnv2005chimie,
  title={Cour de chimie g{\'e}n{\'e}rale},
  year={2005},
  publisher={Gymnase de Nyon}
}

@book{rebstein2007chimie,
  title={Chimie: pr{\'e}paration au bac et {\`a} la maturit{\'e}},
  author={Rebstein, Martine and Soerensen, Chantal},
  year={2007},
  publisher={PPUR presses polytechniques}
}

@book{rebstein2011chimie,
  title={Chimie avanc{\'e}e: pr{\'e}paration au bac et {\`a} la maturit{\'e}},
  author={Rebstein, Martine and Soerensen, Chantal},
  year={2011},
  publisher={PPUR Presses polytechniques}
}

@misc{conover2009chemistry,
  title={Chemistry, (by Stephen S. Zumdahl and Susan A. Zumdahl)},
  author={Conover, Wheeler},
  year={2009},
  publisher={ACS Publications}
}

@book{brown1997chemistry,
  title={Chemistry: the central science},
  author={Brown, Theodore L and LeMay, Harold Eugene and Bursten, Bruce Edward and Brunauer, Linda S},
  volume={13},
  year={1997},
  publisher={Prentice Hall Englewood Cliffs, NJ}
}

@book{silberberg2017chemistry,
  title={Chemistry: the molecular nature of matter and change with advanced topics},
  author={Silberberg, Martin},
  year={2017},
  publisher={McGraw-Hill Education}
}

@book{mcmurry2013fundamentals,
  title={Fundamentals of General, Organic, and Biological Chemistry: Pearson New International Edition},
  author={McMurry, John E and Hoeger, Carl A and Peterson, Virginia E and Ballantine, David S},
  year={2013},
  publisher={Pearson Higher Ed}
}

@book{burdgelooseleafforchemistry,
  title={Loose Leaf for Chemistry},
  author={Julia Burdge},
  year={2019},
  publisher={McGraw-Hill Education}
}

@book{LandoltBourqui2010,
  title={Chimie, Notions fondamentales SII},
  author={Peter Landolt, Fabien Bourqui},
  year={2019},
  publisher={McGraw-Hill Education}
}

@book{tro2015principes,
  title={Principes de Chimie G{\'e}n{\'e}rale: Une Approche Mol{\'e}culaire},
  author={Tro, N.J.},
  isbn={9782761353861},
  series={ERPI sciences},
  year={2015},
  publisher={Pearson Education Canada}
}

@book{hill2002chimie,
  title={Chimie des solutions},
  author={Hill, John William},
  year={2002},
  publisher={{\'E}ditions du Renouveau p{\'e}dagogique,}
}
